@manual{bootstrap:Cards,
    organization={Bootstrap},
    title={Cards},
    url={https://getbootstrap.com/docs/4.0/components/card/},
    urldate={2018-02-01},
	year={2017}
}

@manual{bootstrap:Carousel,
    organization={Bootstrap},
    title={Carousel},
    url={https://getbootstrap.com/docs/4.0/components/carousel/},
    urldate={2018-02-01},
	year={2017}
}

@book{barker:webCMS,
    address={Sebastopol, CA},
    author={Barker, Deane},
    edition={1},
    title={Web Content Management: Systems, Features, and Best Practices},
    publisher={O'Reilly Media, Inc.},
    year={2016}
}

@online{fernUni:imperia,
    organization={FernUniversität in Hagen},
    title={Imperiaportal},
    url={http://www.fernuni-hagen.de/imperiaportal},
    urldate={2018-02-01}
}

@online{kahl:contentMigration,
	author={Kahl, Alex},
    organization={comspace},
    title={Warum ein neues CMS selten eine 1:1-Migration von Content sinnvoll macht},
    url={http://blog.comspace.de/know-how/warum-ein-neues-cms-nicht-unbedingt-eine-websitemigration-von-content-zur-folge-haben-sollte/},
    urldate={2018-02-01},
	year={2013}
}

@online{murphy:webDesignEvolution,
	author={Murphy, Éadaoin},
    organization={HubSpot},
    title={8 Years, 4 Major Trends: The Evolution of Websites From 2007 to Now},
    url={https://blog.hubspot.com/marketing/website-trends-since-2007},
    urldate={2018-02-01},
	year={2017}
}

@inproceedings{sillence:onlineHealthSites,
    author = {Sillence, Elizabeth and Briggs, Pam and Fishwick, Lesley and Harris, Peter},
    booktitle = {Proceedings of the SIGCHI Conference on Human Factors in Computing Systems},
    location = {Vienna, Austria},
    pages = {663--670},
    publisher = {ACM},
    series = {CHI '04},
    title = {Trust and Mistrust of Online Health Sites},
    year = {2004}
}

@book{voelter:DslEngineering,
    author = {Markus Völter and Sebastian Benz and Christian Dietrich and Birgit Engelmann and Mats Helander and Lennart C. L. Kats and Eelco Visser and Guido Wachsmuth},
    title           = {{DSL} Engineering - Designing, Implementing and Using Domain-Specific Languages},
    publisher       = {dslbook.org},
    year            = {2013}
}

@manual{w3c:wwwArch,
    organization={World Wide Web Consortium},
    title={Architecture of the World Wide Web, Volume One},
    url={http://www.w3.org/TR/2004/REC-webarch-20041215/},
    urldate={2018-02-01},
	year={2004}
}

@online{work:webDesignEvolution,
	author={Work, Sean},
    organization={kissmetrics},
    title={The Evolution of Web Design},
    url={https://blog.kissmetrics.com/evolution-of-web-design},
    urldate={2018-02-01},
	year={2011}
}
